@article {GG2,
    AUTHOR = {Grady, Ryan and Gwilliam, Owen},
     TITLE = {{$L\sb \infty$} spaces and derived loop spaces},
   JOURNAL = {New York J. Math.},
  FJOURNAL = {New York Journal of Mathematics},
    VOLUME = {21},
      YEAR = {2015},
     PAGES = {231--272},
      ISSN = {1076-9803},
   MRCLASS = {14D23 (13D10 17B55 18G55)},
  MRNUMBER = {3358542},
MRREVIEWER = {Domenico Fiorenza},
       URL = {http://nyjm.albany.edu:8000/j/2015/21_231.html},
}

@article {GG1,
    AUTHOR = {Gwilliam, Owen and Grady, Ryan},
     TITLE = {One-dimensional {C}hern-{S}imons theory and the {$\hat A$}
              genus},
   JOURNAL = {Algebr. Geom. Topol.},
  FJOURNAL = {Algebraic \& Geometric Topology},
    VOLUME = {14},
      YEAR = {2014},
    NUMBER = {4},
     PAGES = {2299--2377},
      ISSN = {1472-2747},
   MRCLASS = {57R56 (18G55 58J20)},
  MRNUMBER = {3331615},
MRREVIEWER = {Sergiy Koshkin},
       DOI = {10.2140/agt.2014.14.2299},
       URL = {http://dx.doi.org/10.2140/agt.2014.14.2299},
}

@article {MW,
    AUTHOR = {Morrison, Scott and Walker, Kevin},
     TITLE = {Blob homology},
   JOURNAL = {Geom. Topol.},
  FJOURNAL = {Geometry \& Topology},
    VOLUME = {16},
      YEAR = {2012},
    NUMBER = {3},
     PAGES = {1481--1607},
      ISSN = {1465-3060},
   MRCLASS = {57R56 (18G35)},
  MRNUMBER = {2978449},
MRREVIEWER = {Yasuyuki Kawahigashi},
       DOI = {10.2140/gt.2012.16.1481},
       URL = {http://dx.doi.org/10.2140/gt.2012.16.1481},
}

@unpublished {Nguyen,
    AUTHOR = {Nguyen, Timothy},
     TITLE = {Quantum {Y}ang-{M}ills Theory in Two Dimensions: Exact versus Perturbative},
  NOTE = {available at \url{http://arxiv.org/abs/1508.06305}},

}

@Article{bw_vir,
AUTHOR={Williams, Brian},
TITLE ={The {V}irasoro vertex algebra and factorization algebras on {R}iemann surfaces},
JOURNAL = {Letters in Mathematical Physics},
YEAR = {2017},
MONTH = {Aug},
DAY = {24},
ISSN = {1573-0530},
DOI = {10.1007/s11005-017-0982-7},
NOTE= {\url{https://doi.org/10.1007/s11005-017-0982-7}},
}

@article {PTVV,
    AUTHOR = {Pantev, Tony and To{\"e}n, Bertrand and Vaqui{\'e}, Michel and
              Vezzosi, Gabriele},
     TITLE = {Shifted symplectic structures},
   JOURNAL = {Publ. Math. Inst. Hautes \'Etudes Sci.},
  FJOURNAL = {Publications Math\'ematiques. Institut de Hautes \'Etudes
              Scientifiques},
    VOLUME = {117},
      YEAR = {2013},
     PAGES = {271--328},
      ISSN = {0073-8301},
   MRCLASS = {14F05 (14A15 18F20 18G30 53D05 53D12)},
  MRNUMBER = {3090262},
MRREVIEWER = {Andrey Yu. Lazarev},
       DOI = {10.1007/s10240-013-0054-1},
       URL = {http://dx.doi.org/10.1007/s10240-013-0054-1},
}

@book {GwThesis,
    AUTHOR = {Gwilliam, Owen},
     TITLE = {Factorization {A}lgebras and {F}ree {F}ield {T}heories},
      NOTE = {Thesis (Ph.D.)--Northwestern University},
 PUBLISHER = {ProQuest LLC, Ann Arbor, MI},
      YEAR = {2012},
     PAGES = {282},
      ISBN = {978-1267-33981-2},
   MRCLASS = {Thesis},
  MRNUMBER = {3034665},
       URL =
              {http://gateway.proquest.com/openurl?url_ver=Z39.88-2004&rft_val_fmt=info:ofi/fmt:kev:mtx:dissertation&res_dat=xri:pqm&rft_dat=xri:pqdiss:3508304},
}

@book {Li,
    AUTHOR = {Li, Si},
     TITLE = {Calabi-{Y}au {G}eometry and {H}igher {G}enus {M}irror
              {S}ymmetry},
      NOTE = {Thesis (Ph.D.)--Harvard University},
 PUBLISHER = {ProQuest LLC, Ann Arbor, MI},
      YEAR = {2011},
     PAGES = {174},
      ISBN = {978-1124-73644-0},
   MRCLASS = {Thesis},
  MRNUMBER = {2898602},
       URL =
              {http://gateway.proquest.com/openurl?url_ver=Z39.88-2004&rft_val_fmt=info:ofi/fmt:kev:mtx:dissertation&res_dat=xri:pqdiss&rft_dat=xri:pqdiss:3462673},
}

@article {LiLi,
    AUTHOR = {Li, Qin and Li, Si},
     TITLE = {On the {B}-twisted topological sigma model and {C}alabi-{Y}au
              geometry},
   JOURNAL = {J. Differential Geom.},
  FJOURNAL = {Journal of Differential Geometry},
    VOLUME = {102},
      YEAR = {2016},
    NUMBER = {3},
     PAGES = {409--484},
      ISSN = {0022-040X},
   MRCLASS = {53D50 (53D37)},
  MRNUMBER = {3466804},
       URL = {http://projecteuclid.org/euclid.jdg/1456754015},
}

@book {BD,
    AUTHOR = {Beilinson, Alexander and Drinfeld, Vladimir},
     TITLE = {Chiral algebras},
    SERIES = {American Mathematical Society Colloquium Publications},
    VOLUME = {51},
 PUBLISHER = {American Mathematical Society},
   ADDRESS = {Providence, RI},
      YEAR = {2004},
     PAGES = {vi+375},
      ISBN = {0-8218-3528-9},
   MRCLASS = {17Bxx (14F43)},
  MRNUMBER = {2058353 (2005d:17007)},
MRREVIEWER = {Francisco J. Plaza Mart{\'{\i}}n},
}

@article {CF,
    AUTHOR = {Cattaneo, Alberto S. and Felder, Giovanni},
     TITLE = {A path integral approach to the {K}ontsevich quantization
              formula},
   JOURNAL = {Comm. Math. Phys.},
  FJOURNAL = {Communications in Mathematical Physics},
    VOLUME = {212},
      YEAR = {2000},
    NUMBER = {3},
     PAGES = {591--611},
      ISSN = {0010-3616},
     CODEN = {CMPHAY},
   MRCLASS = {53D55 (58D30 81S40 81T18 81T40 81T45)},
  MRNUMBER = {1779159 (2002b:53141)},
MRREVIEWER = {Martin Schlichenmaier},
       DOI = {10.1007/s002200000229},
       URL = {http://dx.doi.org.turing.library.northwestern.edu/10.1007/s002200000229},
}

@book {CosBook,
    AUTHOR = {Costello, Kevin},
     TITLE = {Renormalization and effective field theory},
    SERIES = {Mathematical Surveys and Monographs},
    VOLUME = {170},
 PUBLISHER = {American Mathematical Society},
   ADDRESS = {Providence, RI},
      YEAR = {2011},
     PAGES = {viii+251},
      ISBN = {978-0-8218-5288-0},
   MRCLASS = {81T15 (58Jxx 81T70)},
  MRNUMBER = {2778558},
}

@article {KonDQ,
    AUTHOR = {Kontsevich, Maxim},
     TITLE = {Deformation quantization of {P}oisson manifolds},
   JOURNAL = {Lett. Math. Phys.},
  FJOURNAL = {Letters in Mathematical Physics. A Journal for the Rapid
              Dissemination of Short Contributions in the Field of
              Mathematical Physics},
    VOLUME = {66},
      YEAR = {2003},
    NUMBER = {3},
     PAGES = {157--216},
      ISSN = {0377-9017},
     CODEN = {LMPHDY},
   MRCLASS = {53D55 (16E40 53D17 81S10)},
  MRNUMBER = {2062626 (2005i:53122)},
MRREVIEWER = {David Chataur},
       DOI = {10.1023/B:MATH.0000027508.00421.bf},
       URL = {http://dx.doi.org.turing.library.northwestern.edu/10.1023/B:MATH.0000027508.00421.bf},
}

@incollection {LurieTFT,
    AUTHOR = {Lurie, Jacob},
     TITLE = {On the classification of topological field theories},
 BOOKTITLE = {Current developments in mathematics, 2008},
     PAGES = {129--280},
 PUBLISHER = {Int. Press, Somerville, MA},
      YEAR = {2009},
   MRCLASS = {57R56 (18D10 18G30 57R15 57R75)},
  MRNUMBER = {2555928 (2010k:57064)},
MRREVIEWER = {Julia Bergner},
}

@unpublished {LurieHA,
    AUTHOR = {Lurie, Jacob},
     TITLE = {Higher {A}lgebra},
NOTE = {available at \url{http://www.math.harvard.edu/~lurie/papers/higheralgebra.pdf}},
}

@unpublished {LurieSAG,
    AUTHOR = {Lurie, Jacob},
     TITLE = {Spectral {A}lgebraic {G}eometry},
NOTE = {available at \url{http://www.math.harvard.edu/~lurie/papers/SAG-rootfile.pdf}},
}

@article {WittenCDO,
    AUTHOR = {Witten, Edward},
     TITLE = {Two-dimensional models with {$(0,2)$} supersymmetry:
              perturbative aspects},
   JOURNAL = {Adv. Theor. Math. Phys.},
  FJOURNAL = {Advances in Theoretical and Mathematical Physics},
    VOLUME = {11},
      YEAR = {2007},
    NUMBER = {1},
     PAGES = {1--63},
      ISSN = {1095-0761},
   MRCLASS = {17B69 (17B81 81T40 81T60)},
  MRNUMBER = {2320663 (2009c:17051)},
MRREVIEWER = {Eric R. Sharpe},
       URL = {http://projecteuclid.org.turing.library.northwestern.edu/getRecord?id=euclid.atmp/1183728967},
}

@inproceedings {WG1,
    AUTHOR = {Costello, Kevin},
     TITLE = {A geometric construction of the {W}itten genus, {I}},
 BOOKTITLE = {Proceedings of the {I}nternational {C}ongress of
              {M}athematicians. {V}olume {II}},
     PAGES = {942--959},
 PUBLISHER = {Hindustan Book Agency, New Delhi},
      YEAR = {2010},
   MRCLASS = {58J26 (16E40 53D55 81T40)},
  MRNUMBER = {2827826},
MRREVIEWER = {Domenico Fiorenza},
}


@unpublished {WG2,
   AUTHOR = {Costello, Kevin},
     TITLE = {A geometric construction of the {W}itten genus, {II}},
 NOTE = {available at \url{http://arxiv.org/abs/1112.0816}},
}

@unpublished {CosYang,
   AUTHOR = {Costello, Kevin},
     TITLE = {Supersymmetric gauge theory and the {Y}angian},
 NOTE = {available at \url{http://arxiv.org/abs/1303.2632}},
}

@unpublished {CosIS,
   AUTHOR = {Costello, Kevin},
     TITLE = {Integrable lattice models from four-dimensional gauge theories},
 NOTE = {available at \url{http://arxiv.org/abs/1308.0370}},
}

@book {CG1,
    AUTHOR = {Costello, Kevin and Gwilliam, Owen},
     TITLE = {Factorization algebras in quantum field theory. {V}olume 1},
    SERIES = {New Mathematical Monographs},
    VOLUME = {31},
 PUBLISHER = {Cambridge University Press, Cambridge},
      YEAR = {2017},
     PAGES = {ix+387},
      ISBN = {978-1-107-16310-2},
   MRCLASS = {81-01 (17B69 18D50 53D55 81R05 81R10)},
  MRNUMBER = {3586504},
       DOI = {10.1017/9781316678626},
       URL = {http://dx.doi.org/10.1017/9781316678626},
}

@unpublished {CG2,
   AUTHOR = {Costello, Kevin and Gwilliam, Owen},
   TITLE = {Factorization algebras in quantum field theory, {V}olume 2},
   NOTE = {available at \url{http://people.math.umass.edu/\~gwilliam}},
}

@unpublished {GG3,
   AUTHOR = {Grady, Ryan and Gwilliam, Owen},
     TITLE = {Lie algebroids as ${L}_\infty$ spaces},
NOTE = {available at \url{http://arxiv.org/abs/1604.00711}},
}

@unpublished {Scheim,
   AUTHOR = {Scheimbauer, Claudia},
     TITLE = {Factorization homology as a fully extended topological field theory},
NOTE = {available at \url{http://guests.mpim-bonn.mpg.de/scheimbauer/ScheimbauerThesisJan5.pdf}},
}

@article {GLL,
    AUTHOR = {Grady, Ryan E. and Li, Qin and Li, Si},
     TITLE = {Batalin-{V}ilkovisky quantization and the algebraic index},
   JOURNAL = {Adv. Math.},
  FJOURNAL = {Advances in Mathematics},
    VOLUME = {317},
      YEAR = {2017},
     PAGES = {575--639},
      ISSN = {0001-8708},
   MRCLASS = {53D55 (58J20 81Q30 81T15)},
  MRNUMBER = {3682678},
       URL = {https://doi.org/10.1016/j.aim.2017.07.007},
}

@unpublished {CLL,
   AUTHOR = {Chan, Kwokwai and Leung, Naichung Conan and Li, Qin},
     TITLE = {A mathematical foundation of {R}ozansky-{W}itten theory},
NOTE = {available at \url{http://arxiv.org/abs/1502.03510}},
}

@unpublished {GJF,
   AUTHOR = {Gwilliam, Owen and Johnson-Freyd, Theo},
     TITLE = {How to derive {F}eynman diagrams for finite-dimensional integrals directly from the {BV} formalism},
 NOTE = {available at \url{http://www.math.northwestern.edu/~gwilliam/BV\%20with\%20Theo.pdf}}
}

@unpublished {CPTVV,
   AUTHOR = {Calaque, Damien and Pantev, Tony and To{\"e}n, Bertrand and Vaqui{\'e}, Michel and
              Vezzosi, Gabriele},
     TITLE = {Shifted {P}oisson {S}tructures and {D}eformation {Q}uantization},
 NOTE = {available at \url{http://arxiv.org/abs/1506.03699}},
}

@article {GwHaug,
    AUTHOR = {Gwilliam, Owen and Haugseng, Rune},
     TITLE = {Linear {B}atalin-{V}ilkovisky quantization as a functor of
              {$\infty$}-categories},
   JOURNAL = {Selecta Math. (N.S.)},
  FJOURNAL = {Selecta Mathematica. New Series},
    VOLUME = {24},
      YEAR = {2018},
    NUMBER = {2},
     PAGES = {1247--1313},
      ISSN = {1022-1824},
   MRCLASS = {18G55 (14D23 17B37 18D50 53D55 58J52 81Q99 81T70)},
  MRNUMBER = {3782422},
MRREVIEWER = {Olga Kravchenko},
       DOI = {10.1007/s00029-018-0396-0},
       URL = {https://doi.org/10.1007/s00029-018-0396-0},
}


@unpublished {HaugMor,
   AUTHOR = {Haugseng, Rune},
     TITLE = {The higher {M}orita category of ${E}_n$ algebras},
 NOTE = {available at \url{http://arxiv.org/abs/1412.8459}},
}

@unpublished {CostelloLi,
   AUTHOR = {Costello, Kevin and Li, Si},
     TITLE = {Quantum {BCOV} theory on {C}alabi-{Y}au manifolds and the higher genus {B}-model},
 NOTE = {available at \url{http://arxiv.org/abs/1201.4501}},
}

@unpublished {AFT,
   AUTHOR = {Ayala, David and Francis, John and Tanaka, Hiro Lee},
     TITLE = {Factorization homology of stratified spaces},
 NOTE = {available at \url{http://arxiv.org/abs/1409.0848}},
}

@unpublished {AFPK,
   AUTHOR = {Ayala, David and Francis, John},
     TITLE = {Poincar\'e/{K}oszul duality},
 NOTE = {available at \url{http://arxiv.org/abs/1409.2478}},
}

@article {AKSZ,
    AUTHOR = {Alexandrov, M. and Schwarz, A. and Zaboronsky, O. and
              Kontsevich, M.},
     TITLE = {The geometry of the master equation and topological quantum
              field theory},
   JOURNAL = {Internat. J. Modern Phys. A},
  FJOURNAL = {International Journal of Modern Physics A. Particles and
              Fields. Gravitation. Cosmology. Nuclear Physics},
    VOLUME = {12},
      YEAR = {1997},
    NUMBER = {7},
     PAGES = {1405--1429},
      ISSN = {0217-751X},
   MRCLASS = {81T70 (58D29 58F05)},
  MRNUMBER = {1432574 (98a:81235)},
MRREVIEWER = {Luigi Martina},
       DOI = {10.1142/S0217751X97001031},
       URL = {http://dx.doi.org.turing.library.northwestern.edu/10.1142/S0217751X97001031},
}

@article {GMS,
    AUTHOR = {Gorbounov, Vassily and Malikov, Fyodor and Schechtman, Vadim},
     TITLE = {Gerbes of chiral differential operators},
   JOURNAL = {Math. Res. Lett.},
  FJOURNAL = {Mathematical Research Letters},
    VOLUME = {7},
      YEAR = {2000},
    NUMBER = {1},
     PAGES = {55--66},
      ISSN = {1073-2780},
   MRCLASS = {17B69 (14F40 17B68 81T40)},
  MRNUMBER = {1748287 (2002c:17040)},
MRREVIEWER = {Alexander E. Polishchuk},
}

@article {BS,
    AUTHOR = {Be{\u\i}linson, A. A. and Schechtman, V. V.},
     TITLE = {Determinant bundles and {V}irasoro algebras},
   JOURNAL = {Comm. Math. Phys.},
  FJOURNAL = {Communications in Mathematical Physics},
    VOLUME = {118},
      YEAR = {1988},
    NUMBER = {4},
     PAGES = {651--701},
      ISSN = {0010-3616},
     CODEN = {CMPHAY},
   MRCLASS = {32L10 (14F12 14H15 17B65 32G15 81D15)},
  MRNUMBER = {962493 (90m:32048)},
MRREVIEWER = {Yukihiko Namikawa},
       URL = {http://projecteuclid.org.turing.library.northwestern.edu/getRecord?id=euclid.cmp/1104162170},
}

@incollection {Del,
    AUTHOR = {Deligne, P.},
     TITLE = {Le d\'eterminant de la cohomologie},
 BOOKTITLE = {Current trends in arithmetical algebraic geometry ({A}rcata,
              {C}alif., 1985)},
    SERIES = {Contemp. Math.},
    VOLUME = {67},
     PAGES = {93--177},
 PUBLISHER = {Amer. Math. Soc.},
   ADDRESS = {Providence, RI},
      YEAR = {1987},
   MRCLASS = {32L10 (11G25 14F12 14H99 32G13 58G11)},
  MRNUMBER = {902592 (89b:32038)},
MRREVIEWER = {Daniel S. Freed},
}

@unpublished{Nek,
   AUTHOR = {Nekrasov, Nikita},
     TITLE = {Lectures on curved beta-gamma systems, pure spinors, and anomalies},
 NOTE = {available at \url{http://arxiv.org/abs/0511.3008}}
}

@unpublished{KV,
   AUTHOR = {Kapranov, Mikhail and Vasserot, Eric},
     TITLE = {Formal loops {IV}: {C}hiral differential operators},
 NOTE = {available at \url{http://arxiv.org/abs/math/0612371}}
}

@unpublished{KapCDR,
   AUTHOR = {Kapustin, Anton},
     TITLE = {Chiral de {R}ham complex and the half-twisted sigma-model},
 NOTE = {available at \url{http://arxiv.org/abs/hep-th/0504074}}
}

@article {Cheung,
    AUTHOR = {Cheung, Pokman},
     TITLE = {Chiral differential operators on supermanifolds},
   JOURNAL = {Math. Z.},
  FJOURNAL = {Mathematische Zeitschrift},
    VOLUME = {272},
      YEAR = {2012},
    NUMBER = {1-2},
     PAGES = {203--237},
      ISSN = {0025-5874},
     CODEN = {MAZEAX},
   MRCLASS = {58A50 (32C38 32G13 58J22)},
  MRNUMBER = {2968222},
MRREVIEWER = {Fei Han},
       DOI = {10.1007/s00209-011-0930-7},
       URL = {http://dx.doi.org/10.1007/s00209-011-0930-7},
}

@article {AyalaFrancis,
    AUTHOR = {Ayala, David and Francis, John},
     TITLE = {Factorization homology of topological manifolds},
   JOURNAL = {J. Topol.},
  FJOURNAL = {Journal of Topology},
    VOLUME = {8},
      YEAR = {2015},
    NUMBER = {4},
     PAGES = {1045--1084},
      ISSN = {1753-8416},
   MRCLASS = {57R56 (55U40 57N35)},
  MRNUMBER = {3431668},
       DOI = {10.1112/jtopol/jtv028},
       URL = {http://dx.doi.org/10.1112/jtopol/jtv028},
}


@article {DrinQuasi,
    AUTHOR = {Drinfeld, V. G.},
     TITLE = {Quasi-{H}opf algebras},
   JOURNAL = {Algebra i Analiz},
  FJOURNAL = {Algebra i Analiz},
    VOLUME = {1},
      YEAR = {1989},
    NUMBER = {6},
     PAGES = {114--148},
      ISSN = {0234-0852},
   MRCLASS = {17B37 (16W30 57M25 81T40)},
  MRNUMBER = {1047964},
MRREVIEWER = {Ya. S. So{\u\i}bel{\cprime}man},
}

@article {DrinGal,
    AUTHOR = {Drinfeld, V. G.},
     TITLE = {On quasitriangular quasi-{H}opf algebras and on a group that
            is closely connected with {${\rm Gal}(\overline{\bf Q}/{\bf
              Q})$}},
   JOURNAL = {Algebra i Analiz},
  FJOURNAL = {Algebra i Analiz},
    VOLUME = {2},
      YEAR = {1990},
    NUMBER = {4},
     PAGES = {149--181},
      ISSN = {0234-0852},
   MRCLASS = {16W30 (17B37)},
  MRNUMBER = {1080203},
MRREVIEWER = {Ivan Penkov},
}

@book {FrancisThesis,
    AUTHOR = {Francis, John},
     TITLE = {Derived algebraic geometry over {E}n -rings},
      NOTE = {Thesis (Ph.D.)--Massachusetts Institute of Technology},
 PUBLISHER = {ProQuest LLC, Ann Arbor, MI},
      YEAR = {2008},
     PAGES = {(no paging)},
   MRCLASS = {Thesis},
  MRNUMBER = {2717524},
       URL =
              {http://gateway.proquest.com/openurl?url_ver=Z39.88-2004&rft_val_fmt=info:ofi/fmt:kev:mtx:dissertation&res_dat=xri:pqdiss&rft_dat=xri:pqdiss:0820245},
}

@article {Francis,
    AUTHOR = {Francis, John},
     TITLE = {The tangent complex and {H}ochschild cohomology of {$E_n$}-rings},
   JOURNAL = {Compos. Math.},
  FJOURNAL = {Compositio Mathematica},
    VOLUME = {149},
      YEAR = {2013},
    NUMBER = {3},
     PAGES = {430--480},
      ISSN = {0010-437X},
   MRCLASS = {14B12 (14F43 18D50 18G55 55N35)},
  MRNUMBER = {3040746},
MRREVIEWER = {Arvid Siqveland},
       DOI = {10.1112/S0010437X12000140},
       URL = {http://dx.doi.org/10.1112/S0010437X12000140},
}

@article {BK,
    AUTHOR = {Bezrukavnikov, R. and Kaledin, D.},
     TITLE = {Fedosov quantization in algebraic context},
   JOURNAL = {Mosc. Math. J.},
  FJOURNAL = {Moscow Mathematical Journal},
    VOLUME = {4},
      YEAR = {2004},
    NUMBER = {3},
     PAGES = {559--592, 782},
      ISSN = {1609-3321},
   MRCLASS = {53D55 (14F05)},
  MRNUMBER = {2119140},
MRREVIEWER = {Stefan Waldmann},
}

@incollection {CosScheim,
    AUTHOR = {Costello, Kevin and Scheimbauer, Claudia},
     TITLE = {Lectures on mathematical aspects of (twisted) supersymmetric
              gauge theories},
 BOOKTITLE = {Mathematical aspects of quantum field theories},
    SERIES = {Math. Phys. Stud.},
     PAGES = {57--87},
 PUBLISHER = {Springer, Cham},
      YEAR = {2015},
   MRCLASS = {81T20 (81T45)},
  MRNUMBER = {3330239},
}

@article {MB,
    AUTHOR = {Be{\u\i}linson, A. A. and Manin, Yu. I.},
     TITLE = {The {M}umford form and the {P}olyakov measure in string
              theory},
   JOURNAL = {Comm. Math. Phys.},
  FJOURNAL = {Communications in Mathematical Physics},
    VOLUME = {107},
      YEAR = {1986},
    NUMBER = {3},
     PAGES = {359--376},
      ISSN = {0010-3616},
     CODEN = {CMPHAY},
   MRCLASS = {32L05 (14H15 32G15 81E13)},
  MRNUMBER = {866195},
MRREVIEWER = {Daniel S. Freed},
       URL = {http://projecteuclid.org/euclid.cmp/1104116138},
}

@book {KRT,
    AUTHOR = {Kassel, Christian and Rosso, Marc and Turaev, Vladimir},
     TITLE = {Quantum groups and knot invariants},
    SERIES = {Panoramas et Synth\`eses [Panoramas and Syntheses]},
    VOLUME = {5},
 PUBLISHER = {Soci\'et\'e Math\'ematique de France, Paris},
      YEAR = {1997},
     PAGES = {vi+115},
      ISBN = {2-85629-055-8},
   MRCLASS = {57M25 (16W60 17B37 18D10 57N10)},
  MRNUMBER = {1470954},
MRREVIEWER = {Ruth Lawrence},
}

@article {MSV,
    AUTHOR = {Malikov, Fyodor and Schechtman, Vadim and Vaintrob, Arkady},
     TITLE = {Chiral de {R}ham complex},
   JOURNAL = {Comm. Math. Phys.},
  FJOURNAL = {Communications in Mathematical Physics},
    VOLUME = {204},
      YEAR = {1999},
    NUMBER = {2},
     PAGES = {439--473},
      ISSN = {0010-3616},
     CODEN = {CMPHAY},
   MRCLASS = {17B69 (14F40 17B68 81T30)},
  MRNUMBER = {1704283},
MRREVIEWER = {Lev A. Borisov},
       DOI = {10.1007/s002200050653},
       URL = {http://dx.doi.org/10.1007/s002200050653},
}

@unpublished {CosStr16,
   AUTHOR = {Costello, Kevin},
     TITLE = {Integrable spin systems and four-dimensional gauge theory},
 NOTE = {available at \url{http://ymsc.tsinghua.edu.cn:8090/strings/slides/8.1/Costello.pdf}},
}

@unpublished {WitStr16,
   AUTHOR = {Witten, Edward},
     TITLE = {A New Look At Integrable Spin Systems},
 NOTE = {available at \url{http://ymsc.tsinghua.edu.cn:8090/strings/slides/8.1/Edward\%20Witten.pdf}},
}

@unpublished {GwIVL,
   AUTHOR = {Gwilliam, Owen},
     TITLE = {The two-dimensional $\sigma$-model and its infinite volume limit},
 NOTE = {available at \url{http://people.mpim-bonn.mpg.de/gwilliam/betagamma.pdf}},
}

@article {FGZ,
    AUTHOR = {Frenkel, I. B. and Garland, H. and Zuckerman, G. J.},
     TITLE = {Semi-infinite cohomology and string theory},
   JOURNAL = {Proc. Nat. Acad. Sci. U.S.A.},
  FJOURNAL = {Proceedings of the National Academy of Sciences of the United
              States of America},
    VOLUME = {83},
      YEAR = {1986},
    NUMBER = {22},
     PAGES = {8442--8446},
      ISSN = {0027-8424},
     CODEN = {PNASA6},
   MRCLASS = {17B65 (17B55 17B67 81E30 81E99)},
  MRNUMBER = {865483},
MRREVIEWER = {J. Stasheff},
       DOI = {10.1073/pnas.83.22.8442},
       URL = {http://dx.doi.org/10.1073/pnas.83.22.8442},
}

@article {LZ,
    AUTHOR = {Lian, Bong H. and Zuckerman, Gregg J.},
     TITLE = {New perspectives on the {BRST}-algebraic structure of string
              theory},
   JOURNAL = {Comm. Math. Phys.},
  FJOURNAL = {Communications in Mathematical Physics},
    VOLUME = {154},
      YEAR = {1993},
    NUMBER = {3},
     PAGES = {613--646},
      ISSN = {0010-3616},
     CODEN = {CMPHAY},
   MRCLASS = {81T70 (17B81 18G99 55P99 55S30 57T99 81R10 81T30)},
  MRNUMBER = {1224094},
MRREVIEWER = {J. Stasheff},
       URL = {http://projecteuclid.org/euclid.cmp/1104253081},
}


@article {AS,
    AUTHOR = {Axelrod, Scott and Singer, I. M.},
     TITLE = {Chern-{S}imons perturbation theory. {II}},
   JOURNAL = {J. Differential Geom.},
  FJOURNAL = {Journal of Differential Geometry},
    VOLUME = {39},
      YEAR = {1994},
    NUMBER = {1},
     PAGES = {173--213},
      ISSN = {0022-040X},
     CODEN = {JDGEAS},
   MRCLASS = {58G26 (57R20 81T18 81T60)},
  MRNUMBER = {1258919},
MRREVIEWER = {Steven Rosenberg},
       URL = {http://projecteuclid.org/euclid.jdg/1214454681},
}

@incollection {KonCS,
    AUTHOR = {Kontsevich, Maxim},
     TITLE = {Feynman diagrams and low-dimensional topology},
 BOOKTITLE = {First {E}uropean {C}ongress of {M}athematics, {V}ol.\ {II}
              ({P}aris, 1992)},
    SERIES = {Progr. Math.},
    VOLUME = {120},
     PAGES = {97--121},
 PUBLISHER = {Birkh\"auser, Basel},
      YEAR = {1994},
   MRCLASS = {57R57 (14H15 32G15 57M25)},
  MRNUMBER = {1341841},
MRREVIEWER = {Anatoly Libgober},
}

@article {GK,
    AUTHOR = {Gelfand, I. M. and Ka{\v{z}}dan, D. A.},
     TITLE = {Certain questions of differential geometry and the computation
              of the cohomologies of the {L}ie algebras of vector fields},
   JOURNAL = {Dokl. Akad. Nauk SSSR},
  FJOURNAL = {Doklady Akademii Nauk SSSR},
    VOLUME = {200},
      YEAR = {1971},
     PAGES = {269--272},
      ISSN = {0002-3264},
   MRCLASS = {57.34},
  MRNUMBER = {0287566},
MRREVIEWER = {A. Verona},
}

@article {Zeitlin,
    AUTHOR = {Zeitlin, Anton M.},
     TITLE = {Perturbed beta-gamma systems and complex geometry},
   JOURNAL = {Nuclear Phys. B},
  FJOURNAL = {Nuclear Physics. B},
    VOLUME = {794},
      YEAR = {2008},
    NUMBER = {3},
     PAGES = {381--401},
      ISSN = {0550-3213},
     CODEN = {NUPBBO},
   MRCLASS = {81T40 (32G81 81T30)},
  MRNUMBER = {2389685},
MRREVIEWER = {Lee-Peng Teo},
       DOI = {10.1016/j.nuclphysb.2007.09.002},
       URL = {http://dx.doi.org/10.1016/j.nuclphysb.2007.09.002},
}

@article {LMZ,
    AUTHOR = {Losev, Andrei S. and Marshakov, Andrei and Zeitlin, Anton M.},
     TITLE = {On first-order formalism in string theory},
   JOURNAL = {Phys. Lett. B},
  FJOURNAL = {Physics Letters. B},
    VOLUME = {633},
      YEAR = {2006},
    NUMBER = {2-3},
     PAGES = {375--381},
      ISSN = {0370-2693},
     CODEN = {PYLBAJ},
   MRCLASS = {81T30},
  MRNUMBER = {2198165},
       DOI = {10.1016/j.physletb.2005.12.010},
       URL = {http://dx.doi.org/10.1016/j.physletb.2005.12.010},
}

@book{KrieglMichor,
	Address = {Providence, RI},
	Author = {Kriegl, Andreas and Michor, Peter W.},
	Date-Added = {2012-05-14 09:29:45 -0500},
	Date-Modified = {2012-05-14 09:29:50 -0500},
	Isbn = {0-8218-0780-3},
	Mrclass = {58Bxx (46-02 46Gxx 46M20 58C15)},
	Mrnumber = {1471480 (98i:58015)},
	Mrreviewer = {Olga Gil-Medrano},
	Pages = {x+618},
	Publisher = {American Mathematical Society},
	Series = {Mathematical Surveys and Monographs},
	Title = {The convenient setting of global analysis},
	Volume = {53},
	Year = {1997}}


@article{BL,
 ISSN = {08940347, 10886834},
 URL = {http://www.jstor.org/stable/2152830},
 author = {Joseph Bernstein, Valery Lunts},
 journal = {Journal of the American Mathematical Society},
 number = {4},
 pages = {819-856},
 publisher = {American Mathematical Society},
 title = {Localization for Derived Categories of (g, K)-Modules},
 volume = {8},
 year = {1995}
}

@article{NT,
title = "Algebraic {I}ndex {T}heorem for {F}amilies",
journal = "Advances in Mathematics",
volume = "113",
number = "2",
pages = "151 - 205",
year = "1995",
note = "",
issn = "0001-8708",
doi = "http://dx.doi.org/10.1006/aima.1995.1037",
url = "http://www.sciencedirect.com/science/article/pii/S0001870885710377",
author = "R. Nest and B. Tsygan",

}

@article{nest1995,
author = "Nest, Ryszard and Tsygan, Boris",
fjournal = "Communications in Mathematical Physics",
journal = "Comm. Math. Phys.",
number = "2",
pages = "223--262",
publisher = "Springer",
title = "Algebraic index theorem",
url = "http://projecteuclid.org/euclid.cmp/1104274104",
volume = "172",
year = "1995"
}

@article{khors,
author="Khoroshkin, A. S.",
title="Lie algebra of formal vector fields which are extended by formal g-valued functions",
journal="Journal of Mathematical Sciences",
year="2007",
volume="143",
number="1",
pages="2816--2830",
issn="1573-8795",
doi="10.1007/s10958-007-0167-5",
url="http://dx.doi.org/10.1007/s10958-007-0167-5"
}

@unpublished {willwacher,
   AUTHOR = {Willwacher, Thomas},
     TITLE = {Local {RRH}},
 NOTE = {available at \url{https://people.math.ethz.ch/~wilthoma/docs/LRRH.pdf}},
}

@unpublished {LiQME,
   AUTHOR = {Li, Si},
   TITLE = {{V}ertex algebras and quantum master equation},
   NOTE = {available at \url{https://arxiv.org/abs/1612.01292}},
}

@article{atiyah,
author="Atiyah, M.F.",
title="Complex analytic connections in fibre bundles",
journal="Trans. Amer. Math. Soc.",
volume="85",
year="1957",
pages="181-207",
doi="10.1090/S0002-9947-1957-0086359-5"
}

@article{kapranov1999,
title = "Rozansky-{W}itten invariants via {A}tiyah classes",
doi = "10.1023/A:1000664527238",
publisher = "London Mathematical Society",
address = "London, UK",
author = "Kapranov,M.",
volume = "115",
number = "1",
pages = "71-113",
year = "1999",
month = "01",
day = "01",
journal = "Compositio Mathematica"
}

@book {BZF,
    AUTHOR = {Frenkel, Edward and Ben-Zvi, David},
     TITLE = {Vertex algebras and algebraic curves},
    SERIES = {Mathematical Surveys and Monographs},
    VOLUME = {88},
   EDITION = {Second},
 PUBLISHER = {American Mathematical Society},
   ADDRESS = {Providence, RI},
      YEAR = {2004},
     PAGES = {xiv+400},
      ISBN = {0-8218-3674-9},
   MRCLASS = {17B69 (14D21 14H81)},
  MRNUMBER = {2082709 (2005d:17035)},
}

@book{Kac,
	Address = {Providence, RI},
	Author = {Kac, Victor},
	Date-Added = {2011-02-22 18:29:39 -0600},
	Date-Modified = {2011-02-22 18:29:39 -0600},
	Edition = {Second},
	Isbn = {0-8218-1396-X},
	Pages = {vi+201},
	Publisher = {American Mathematical Society},
	Series = {University Lecture Series},
	Title = {Vertex algebras for beginners},
	Volume = {10},
	Year = {1998}}
	
@book {Fuks,
    AUTHOR = {Fuks, D. B.},
     TITLE = {Cohomology of infinite-dimensional {L}ie algebras},
    SERIES = {Contemporary Soviet Mathematics},
      NOTE = {Translated from the Russian by A. B. Sosinski{\u\i}},
 PUBLISHER = {Consultants Bureau, New York},
      YEAR = {1986},
     PAGES = {xii+339},
      ISBN = {0-306-10990-5},
   MRCLASS = {17-02 (17B56 17B65)},
  MRNUMBER = {874337},
}

@article {GMS2,
    AUTHOR = {Gorbounov, Vassily and Malikov, Fyodor and Schechtman, Vadim},
     TITLE = {Gerbes of chiral differential operators. {II}. {V}ertex
              algebroids},
   JOURNAL = {Invent. Math.},
  FJOURNAL = {Inventiones Mathematicae},
    VOLUME = {155},
      YEAR = {2004},
    NUMBER = {3},
     PAGES = {605--680},
      ISSN = {0020-9910},
     CODEN = {INVMBH},
   MRCLASS = {17B69},
  MRNUMBER = {2038198},
MRREVIEWER = {Alexander E. Polishchuk},
       DOI = {10.1007/s00222-003-0333-4},
       URL = {http://dx.doi.org/10.1007/s00222-003-0333-4},
}

@article {Malikov2008,
    AUTHOR = {Malikov, Fyodor},
     TITLE = {Lagrangian approach to sheaves of vertex algebras},
   JOURNAL = {Comm. Math. Phys.},
  FJOURNAL = {Communications in Mathematical Physics},
    VOLUME = {278},
      YEAR = {2008},
    NUMBER = {2},
     PAGES = {487--548},
      ISSN = {0010-3616},
     CODEN = {CMPHAY},
   MRCLASS = {81R10 (14D24 17B69 53D17 81T60)},
  MRNUMBER = {2372767},
       DOI = {10.1007/s00220-007-0403-3},
       URL = {http://dx.doi.org/10.1007/s00220-007-0403-3},
}

@book {polchinski,
    AUTHOR = {Polchinski, Joseph},
     TITLE = {String theory. {V}ol. {I}},
    SERIES = {Cambridge Monographs on Mathematical Physics},
      NOTE = {An introduction to the bosonic string},
 PUBLISHER = {Cambridge University Press, Cambridge},
      YEAR = {1998},
     PAGES = {xx+401},
      ISBN = {0-521-63303-6},
   MRCLASS = {81T30 (81-01 81-02 83E30)},
  MRNUMBER = {1648555},
MRREVIEWER = {Angel Maria Uranga},
       DOI = {10.1017/CBO9780511618123},
       URL = {http://dx.doi.org/10.1017/CBO9780511618123},
}

@article {Hinich,
    AUTHOR = {Hinich, Vladimir},
     TITLE = {D{G} coalgebras as formal stacks},
   JOURNAL = {J. Pure Appl. Algebra},
  FJOURNAL = {Journal of Pure and Applied Algebra},
    VOLUME = {162},
      YEAR = {2001},
    NUMBER = {2-3},
     PAGES = {209--250},
      ISSN = {0022-4049},
     CODEN = {JPAAA2},
   MRCLASS = {14B12 (16W30 18G55 55P62)},
  MRNUMBER = {1843805},
MRREVIEWER = {Paul G. Goerss},
       DOI = {10.1016/S0022-4049(00)00121-3},
       URL = {http://dx.doi.org/10.1016/S0022-4049(00)00121-3},
}

@book {LV,
    AUTHOR = {Loday, Jean-Louis and Vallette, Bruno},
     TITLE = {Algebraic operads},
    SERIES = {Grundlehren der Mathematischen Wissenschaften [Fundamental
              Principles of Mathematical Sciences]},
    VOLUME = {346},
 PUBLISHER = {Springer, Heidelberg},
      YEAR = {2012},
     PAGES = {xxiv+634},
      ISBN = {978-3-642-30361-6},
   MRCLASS = {18D50 (16E99)},
  MRNUMBER = {2954392},
MRREVIEWER = {Andrey Yu. Lazarev},
       DOI = {10.1007/978-3-642-30362-3},
       URL = {http://dx.doi.org/10.1007/978-3-642-30362-3},
}

@article {Pridham,
    AUTHOR = {Pridham, J. P.},
     TITLE = {Unifying derived deformation theories},
   JOURNAL = {Adv. Math.},
  FJOURNAL = {Advances in Mathematics},
    VOLUME = {224},
      YEAR = {2010},
    NUMBER = {3},
     PAGES = {772--826},
      ISSN = {0001-8708},
     CODEN = {ADMTA4},
   MRCLASS = {14B12 (16E35)},
  MRNUMBER = {2628795},
MRREVIEWER = {Eivind Eriksen},
       DOI = {10.1016/j.aim.2009.12.009},
       URL = {http://dx.doi.org/10.1016/j.aim.2009.12.009},
}

@article {Bressler,
    AUTHOR = {Bressler, Paul},
     TITLE = {The first {P}ontryagin class},
   JOURNAL = {Compos. Math.},
  FJOURNAL = {Compositio Mathematica},
    VOLUME = {143},
      YEAR = {2007},
    NUMBER = {5},
     PAGES = {1127--1163},
      ISSN = {0010-437X},
   MRCLASS = {57R20 (17B69 55S35)},
  MRNUMBER = {2360313},
MRREVIEWER = {J{\"o}rg Jahnel},
       DOI = {10.1112/S0010437X07002710},
       URL = {http://dx.doi.org/10.1112/S0010437X07002710},
}

@article {CF2,
    AUTHOR = {Cattaneo, Alberto S. and Felder, Giovanni},
     TITLE = {On the globalization of {K}ontsevich's star product and the
              perturbative {P}oisson sigma model},
      NOTE = {Noncommutative geometry and string theory (Yokohama, 2001)},
   JOURNAL = {Progr. Theoret. Phys. Suppl.},
  FJOURNAL = {Progress of Theoretical Physics. Supplement},
    NUMBER = {144},
      YEAR = {2001},
     PAGES = {38--53},
      ISSN = {0375-9687},
   MRCLASS = {53D55 (81S10 81T13)},
  MRNUMBER = {2023844},
MRREVIEWER = {Stefan Waldmann},
       DOI = {10.1143/PTPS.144.38},
       URL = {http://dx.doi.org.turing.library.northwestern.edu/10.1143/PTPS.144.38},
}

@article {YMasBF,
    AUTHOR = {Cattaneo, A. S. and Cotta-Ramusino, P. and Fucito, F. and
              Martellini, M. and Rinaldi, M. and Tanzini, A. and Zeni, M.},
     TITLE = {Four-dimensional {Y}ang-{M}ills theory as a deformation of
              topological {$BF$} theory},
   JOURNAL = {Comm. Math. Phys.},
  FJOURNAL = {Communications in Mathematical Physics},
    VOLUME = {197},
      YEAR = {1998},
    NUMBER = {3},
     PAGES = {571--621},
      ISSN = {0010-3616},
   MRCLASS = {81T45 (53C07 57R56 57R57 58D29)},
  MRNUMBER = {1652763},
MRREVIEWER = {Marcos Mari{\~n}o},
       DOI = {10.1007/s002200050465},
       URL = {http://dx.doi.org/10.1007/s002200050465},
}

@Article{BorLib,
author="Borisov, Lev A.
and Libgober, Anatoly",
title="Elliptic genera of toric varieties and applications to mirror symmetry",
journal="Inventiones mathematicae",
year="2000",
volume="140",
number="2",
pages="453--485",
issn="1432-1297",
doi="10.1007/s002220000058",
url="http://dx.doi.org/10.1007/s002220000058"
}

@article {BZHS,
    AUTHOR = {Ben-Zvi, David and Heluani, Reimundo and Szczesny, Matthew},
     TITLE = {Supersymmetry of the chiral de {R}ham complex},
   JOURNAL = {Compos. Math.},
  FJOURNAL = {Compositio Mathematica},
    VOLUME = {144},
      YEAR = {2008},
    NUMBER = {2},
     PAGES = {503--521},
      ISSN = {0010-437X},
   MRCLASS = {17B69 (14F40 53C26 81T60)},
  MRNUMBER = {2406121},
MRREVIEWER = {Pavel S. Kolesnikov},
       DOI = {10.1112/S0010437X07003223},
       URL = {http://dx.doi.org/10.1112/S0010437X07003223},
}

@article {Zhu,
    AUTHOR = {Zhu, Yongchang},
     TITLE = {Modular invariance of characters of vertex operator algebras},
   JOURNAL = {J. Amer. Math. Soc.},
  FJOURNAL = {Journal of the American Mathematical Society},
    VOLUME = {9},
      YEAR = {1996},
    NUMBER = {1},
     PAGES = {237--302},
      ISSN = {0894-0347},
   MRCLASS = {17B69 (11F22 17B68)},
  MRNUMBER = {1317233},
MRREVIEWER = {Chong Ying Dong},
       DOI = {10.1090/S0894-0347-96-00182-8},
       URL = {http://dx.doi.org/10.1090/S0894-0347-96-00182-8},
}

@article {Losik,
    AUTHOR = {Losik, Mark V.},
     TITLE = {Diagonal cohomology of the {L}ie algebra of vector fields},
   JOURNAL = {Differential Geom. Appl.},
  FJOURNAL = {Differential Geometry and its Applications},
    VOLUME = {8},
      YEAR = {1998},
    NUMBER = {1},
     PAGES = {71--86},
      ISSN = {0926-2245},
   MRCLASS = {17B56 (17B66)},
  MRNUMBER = {1601530},
MRREVIEWER = {Miguel A. Rodr\~A-guez},
       DOI = {10.1016/S0926-2245(97)00021-1},
       URL = {http://dx.doi.org/10.1016/S0926-2245(97)00021-1},
}

@article {KapOrlov,
    AUTHOR = {Kapustin, Anton and Orlov, Dmitri},
     TITLE = {Vertex algebras, mirror symmetry, and {D}-branes: the case of
              complex tori},
   JOURNAL = {Comm. Math. Phys.},
  FJOURNAL = {Communications in Mathematical Physics},
    VOLUME = {233},
      YEAR = {2003},
    NUMBER = {1},
     PAGES = {79--136},
      ISSN = {0010-3616},
   MRCLASS = {14J32 (14K10 17B69 32Q25 81T40)},
  MRNUMBER = {1957733},
MRREVIEWER = {Lev A. Borisov},
       DOI = {10.1007/s00220-002-0755-7},
       URL = {http://dx.doi.org/10.1007/s00220-002-0755-7},
}

@article {WittenGenus1,
    AUTHOR = {Witten, Edward},
     TITLE = {Elliptic genera and quantum field theory},
   JOURNAL = {Comm. Math. Phys.},
  FJOURNAL = {Communications in Mathematical Physics},
    VOLUME = {109},
      YEAR = {1987},
    NUMBER = {4},
     PAGES = {525--536},
      ISSN = {0010-3616},
   MRCLASS = {57R90 (11F11 55N20 58G05 58G10)},
  MRNUMBER = {885560},
MRREVIEWER = {J. Stasheff},
       URL = {http://projecteuclid.org/euclid.cmp/1104117076},
}
@incollection {WittenGenus2,
    AUTHOR = {Witten, Edward},
     TITLE = {The index of the {D}irac operator in loop space},
 BOOKTITLE = {Elliptic curves and modular forms in algebraic topology
              ({P}rinceton, {NJ}, 1986)},
    SERIES = {Lecture Notes in Math.},
    VOLUME = {1326},
     PAGES = {161--181},
 PUBLISHER = {Springer, Berlin},
      YEAR = {1988},
   MRCLASS = {58G12 (81E30)},
  MRNUMBER = {970288},
       DOI = {10.1007/BFb0078045},
       URL = {http://dx.doi.org/10.1007/BFb0078045},
}

@article {LiFeynman,
    AUTHOR = {Li, Si},
     TITLE = {Feynman graph integrals and almost modular forms},
   JOURNAL = {Commun. Number Theory Phys.},
  FJOURNAL = {Communications in Number Theory and Physics},
    VOLUME = {6},
      YEAR = {2012},
    NUMBER = {1},
     PAGES = {129--157},
      ISSN = {1931-4523},
   MRCLASS = {81Q30 (11F03 11F37)},
  MRNUMBER = {2955933},
MRREVIEWER = {Domenico Fiorenza},
       DOI = {10.4310/CNTP.2012.v6.n1.a3},
       URL = {https://doi-org.ezproxy.neu.edu/10.4310/CNTP.2012.v6.n1.a3},
}